<collection xmlns="http://www.loc.gov/MARC21/slim">
<record>
  <leader>00784nam0a2200217 i 450 </leader>
  <controlfield tag="001">IT\ICCU\CNCE\014146</controlfield>
  <controlfield tag="005">20080312000000.0</controlfield>
  <datafield tag="012" ind1=" " ind2=" ">
    <subfield code="a">s.t, m,ia i;ti ass, (C) 1600 (R)</subfield>
    <subfield code="2">fei</subfield>
  </datafield>
  <datafield tag="100" ind1=" " ind2=" ">
    <subfield code="a">19970101d1600        0itac0103    ba</subfield>
  </datafield>
  <datafield tag="101" ind1=" " ind2=" ">
    <subfield code="a">LAT</subfield>
  </datafield>
  <datafield tag="102" ind1=" " ind2=" ">
    <subfield code="a">IT</subfield>
  </datafield>
  <datafield tag="200" ind1="1" ind2=" ">
    <subfield code="a">Ad sacratissimam coelorum reginam Nicolai Cycni ode</subfield>
  </datafield>
  <datafield tag="210" ind1=" " ind2=" ">
    <subfield code="a">Ferrariae</subfield>
    <subfield code="c">apud Victorium Baldinum</subfield>
    <subfield code="d">1600</subfield>
  </datafield>
  <datafield tag="215" ind1=" " ind2=" ">
    <subfield code="a">\4! c.</subfield>
    <subfield code="d">4ʻ</subfield>
  </datafield>
  <datafield tag="620" ind1=" " ind2=" ">
    <subfield code="a">IT</subfield>
    <subfield code="d">Ferrara</subfield>
  </datafield>
  <datafield tag="700" ind1=" " ind2="1">
    <subfield code="a">Cigni,</subfield>
    <subfield code="b">Nicola</subfield>
    <subfield code="3">IT\ICCU\CNCA\003651</subfield>
  </datafield>
  <datafield tag="712" ind1="0" ind2="0">
    <subfield code="a">Baldini, Vittorio</subfield>
    <subfield code="3">IT\ICCU\CNCT\000024</subfield>
    <subfield code="4">650</subfield>
  </datafield>
  <datafield tag="791" ind1="0" ind2="2">
    <subfield code="a">Stamperia Camerale</subfield>
    <subfield code="c"> &lt;Ferrara&gt;</subfield>
    <subfield code="3">IT\ICCU\CNCT\002460</subfield>
    <subfield code="z">Baldini, Vittorio</subfield>
  </datafield>
  <datafield tag="791" ind1="0" ind2="0">
    <subfield code="a">Baldinus, Victorius</subfield>
    <subfield code="3">IT\ICCU\CNCT\004286</subfield>
    <subfield code="z">Baldini, Vittorio</subfield>
  </datafield>
  <datafield tag="801" ind1=" " ind2="3">
    <subfield code="a">IT</subfield>
    <subfield code="b">ICCU</subfield>
    <subfield code="c">20201114</subfield>
  </datafield>
  <datafield tag="899" ind1=" " ind2=" ">
    <subfield code="a">Biblioteca comunale. Treviso</subfield>
    <subfield code="1">TV0114</subfield>
    <subfield code="2">VIA CT</subfield>
  </datafield>
</record>
</collection>
